<?xml version="1.0" encoding="UTF-8"?><record xmlns="http://www.loc.gov/MARC21/slim" xmlns:cinclude="http://apache.org/cocoon/include/1.0" xmlns:zs="http://www.loc.gov/zing/srw/">
  <leader>00512cz  a2200133n  4500</leader>
  <controlfield tag="001">n  94013881 </controlfield>
  <controlfield tag="003">DLC</controlfield>
  <controlfield tag="005">19980203143554.0</controlfield>
  <controlfield tag="008">940210n| acannaab|          |n aaa |||  </controlfield>
  <datafield tag="010" ind1=" " ind2=" ">
    <subfield code="a">n  94013881 </subfield>
  </datafield>
  <datafield tag="040" ind1=" " ind2=" ">
    <subfield code="a">DLC</subfield>
    <subfield code="c">DLC</subfield>
    <subfield code="d">DLC</subfield>
  </datafield>
  <datafield tag="100" ind1="1" ind2="0">
    <subfield code="a">Allison, Wick</subfield>
  </datafield>
  <datafield tag="670" ind1=" " ind2=" ">
    <subfield code="a">That's in the Bible? 1994:</subfield>
    <subfield code="b">CIP t.p. (Wick Allison)</subfield>
  </datafield>
  <datafield tag="670" ind1=" " ind2=" ">
    <subfield code="a">Condemned to repeat it, 1998:</subfield>
    <subfield code="b">CIP t.p. (Wick Allison) pub. info. (publisher of D magazine in Dallas; he is a contributing editor to National review, and founder of Art &amp; antiques magazine)</subfield>
  </datafield>
</record>